<record><leader>00000cas a2200000 a 4500</leader><controlfield tag="001">23660572</controlfield><controlfield tag="008">910429d19331947fludn ne      0    0eng c</controlfield><datafield ind1=" " ind2=" " tag="010"><subfield code="a">sn 91066457 </subfield></datafield><datafield ind1=" " ind2=" " tag="040"><subfield code="a">NYS</subfield><subfield code="b">eng</subfield><subfield code="c">NYS</subfield><subfield code="d">FUG</subfield><subfield code="d">OCLCQ</subfield><subfield code="d">OCLCF</subfield><subfield code="d">OCLCO</subfield></datafield><datafield ind1="1" ind2=" " tag="029"><subfield code="a">AU@</subfield><subfield code="b">000025908202</subfield></datafield><datafield ind1=" " ind2=" " tag="042"><subfield code="a">pcc</subfield></datafield><datafield ind1=" " ind2=" " tag="043"><subfield code="a">n-us-fl</subfield></datafield><datafield ind1="0" ind2="4" tag="245"><subfield code="a">The Lake Wales daily.</subfield></datafield><datafield ind1=" " ind2=" " tag="260"><subfield code="a">Lake Wales, Fla. :</subfield><subfield code="b">[Highlander Pub. Co.],</subfield><subfield code="c">1933-1947.</subfield></datafield><datafield ind1=" " ind2=" " tag="300"><subfield code="a">15 v.</subfield></datafield><datafield ind1=" " ind2=" " tag="310"><subfield code="a">Daily (except Sunday)</subfield></datafield><datafield ind1="0" ind2=" " tag="362"><subfield code="a">Vol. 1, no. 1 (Mar. 20, 1933)-v. 15, no. 162 (Sept. 26, 1947).</subfield></datafield><datafield ind1=" " ind2="0" tag="651"><subfield code="a">Lake Wales (Fla.)</subfield><subfield code="v">Newspapers.</subfield></datafield><datafield ind1=" " ind2="0" tag="651"><subfield code="a">Polk County (Fla.)</subfield><subfield code="v">Newspapers.</subfield></datafield><datafield ind1=" " ind2="7" tag="655"><subfield code="a">Newspapers.</subfield><subfield code="2">fast</subfield><subfield code="0">(OCoLC)fst01423814</subfield></datafield><datafield ind1=" " ind2="7" tag="651"><subfield code="a">Florida</subfield><subfield code="z">Lake Wales.</subfield><subfield code="2">fast</subfield><subfield code="0">(OCoLC)fst01215462</subfield></datafield><datafield ind1=" " ind2="7" tag="651"><subfield code="a">Florida</subfield><subfield code="z">Polk County.</subfield><subfield code="2">fast</subfield><subfield code="0">(OCoLC)fst01214944</subfield></datafield><datafield ind1=" " ind2=" " tag="752"><subfield code="a">United States</subfield><subfield code="b">Florida</subfield><subfield code="c">Polk</subfield><subfield code="d">Lake Wales.</subfield></datafield><datafield ind1="0" ind2="7" tag="785"><subfield code="t">Highlander (Lake Wales, Fla. : 1924)</subfield><subfield code="w">(DLC)sn 93068222</subfield><subfield code="w">(OCoLC)27856860</subfield></datafield><datafield ind1="0" ind2="7" tag="785"><subfield code="t">Daily highlander (Lake Wales, Fla. : 1947)</subfield><subfield code="w">(DLC)sn 97027565</subfield><subfield code="w">(OCoLC)36671901</subfield></datafield></record>